<record><leader>00000cas a2200000 a 4500</leader><controlfield tag="001">36546557</controlfield><controlfield tag="008">970313c19uu9999miuwr n       0    0eng c</controlfield><datafield ind1=" " ind2=" " tag="010"><subfield code="a">sn 97063266 </subfield></datafield><datafield ind1=" " ind2=" " tag="040"><subfield code="a">MHN</subfield><subfield code="b">eng</subfield><subfield code="c">MHN</subfield><subfield code="d">OCL</subfield><subfield code="d">OCLCQ</subfield><subfield code="d">OCLCF</subfield><subfield code="d">OCLCO</subfield></datafield><datafield ind1="1" ind2=" " tag="029"><subfield code="a">AU@</subfield><subfield code="b">000013141193</subfield></datafield><datafield ind1=" " ind2=" " tag="042"><subfield code="a">pcc</subfield></datafield><datafield ind1=" " ind2=" " tag="043"><subfield code="a">n-us-mi</subfield></datafield><datafield ind1="0" ind2=" " tag="130"><subfield code="a">Fremont times-indicator (Fremont, Mich. : 1976)</subfield></datafield><datafield ind1="1" ind2="0" tag="245"><subfield code="a">Fremont times-indicator.</subfield></datafield><datafield ind1=" " ind2=" " tag="260"><subfield code="a">Fremont, Mich. :</subfield><subfield code="b">Robert E. Hostetler</subfield></datafield><datafield ind1=" " ind2=" " tag="300"><subfield code="a">v.</subfield></datafield><datafield ind1=" " ind2=" " tag="310"><subfield code="a">Weekly</subfield></datafield><datafield ind1=" " ind2=" " tag="515"><subfield code="a">Volume number stays: Vol. 102, from: &lt;Nov. 1, 1978-Mar. 12, 1980&gt;.</subfield></datafield><datafield ind1=" " ind2=" " tag="588"><subfield code="a">Description based on: Vol. 99, no. 47 (July 1, 1976).</subfield></datafield><datafield ind1=" " ind2="0" tag="651"><subfield code="a">Fremont (Mich.)</subfield><subfield code="v">Newspapers.</subfield></datafield><datafield ind1=" " ind2="0" tag="651"><subfield code="a">Newaygo County (Mich.)</subfield><subfield code="v">Newspapers.</subfield></datafield><datafield ind1=" " ind2="7" tag="655"><subfield code="a">Newspapers.</subfield><subfield code="2">fast</subfield><subfield code="0">(OCoLC)fst01423814</subfield></datafield><datafield ind1=" " ind2="7" tag="651"><subfield code="a">Michigan</subfield><subfield code="z">Fremont.</subfield><subfield code="2">fast</subfield><subfield code="0">(OCoLC)fst01232907</subfield></datafield><datafield ind1=" " ind2="7" tag="651"><subfield code="a">Michigan</subfield><subfield code="z">Newaygo County.</subfield><subfield code="2">fast</subfield><subfield code="0">(OCoLC)fst01211486</subfield></datafield><datafield ind1=" " ind2=" " tag="752"><subfield code="a">United States</subfield><subfield code="b">Michigan</subfield><subfield code="c">Newaygo</subfield><subfield code="d">Fremont.</subfield></datafield><datafield ind1="0" ind2="0" tag="780"><subfield code="t">Fremont times-indicator and the Newaygo County news</subfield><subfield code="w">(DLC)sn 97063265</subfield><subfield code="w">(OCoLC)36547319</subfield></datafield><datafield ind1="0" ind2="5" tag="780"><subfield code="t">Newaygo County sun</subfield><subfield code="w">(DLC)sn 96076667</subfield><subfield code="w">(OCoLC)34828060</subfield></datafield></record>